@Article{GW:05,
  title =       "Model-checking processes with data",
  author =      "J.F.~Groote and T.A.C.~Willemse",
  journal =     "Science of Computer Programming",
  year =        "2005",
  number =      "3",
  volume =      "56",
  pages =       "251--273"
}


